@article{Schissler2017,
author = {Schissler, A Grant and Piegorsch, Walter W and Lussier, Yves A},
doi = {10.1177/0962280217712271},
file = {:Users/alfred/OneDrive - University of Nevada, Reno/Mendeley{\_}library/Schissler, Piegorsch, Lussier/Schissler, Piegorsch, Lussier{\_}2017{\_}Testing for differentially expressed genetic pathways with single-subject N-of-1 data in the presence.pdf:pdf},
issn = {0962-2802},
journal = {Statistical Methods in Medical Research},
keywords = {affinity propagation clustering,exemplar learning,gene expression data,gene set,inter-gene correlation,n-of-1,precision medicine,rna-seq,single-subject inference,triple negative breast cancer},
title = {{Testing for differentially expressed genetic pathways with single-subject N-of-1 data in the presence of inter-gene correlation}},
url = {http://journals.sagepub.com/doi/10.1177/0962280217712271},
year = {2017}
}

@article{Frey2007,
  title={Clustering by passing messages between data points},
  author={Frey, Brendan J and Dueck, Delbert},
  journaltitle={Science},
  shortjournal={Science},
  volume={315},
  number={5814},
  pages={972--976},
  year={2007},
  publisher={American Association for the Advancement of Science}
}

@article{Ashburner2000,
author = {Ashburner, M and Ball, C A and Blake, J A and Botstein, D and Butler, H and Cherry, J M and Davis, A P and Dolinski, K and Dwight, S S and Eppig, J T and Harris, M A and Hill, D P and Issel-Tarver, L and Kasarskis, A and Lewis, S and Matese, J C and Richardson, J E and Ringwald, M and Rubin, G M and Sherlock, G},
journaltitle = {Nature Genetics},
shortjournal = {Nat. Genet.},
pages = {25--29},
title = {Gene ontology: tool for the unification of biology.},
volume = {25},
number = {1},
year = {2000}
}


@article{Lillie2011,
author = {Lillie, Elizabeth O and Patay, Bradley and Diamant, Joel and Issell, Brian and Topol, Eric J and Schork, Nicholas J},
journaltitle = {Personalized medicine},
shortjournal = {Pers. Med.},
number = {2},
pages = {161--173},
title = {The n-of-1 clinical trial:~the ultimate strategy for individualizing medicine?},
volume = {2},
year = {2011}
}

@article{Hamburg2010,
author = { Hamburg ,  Margaret A  and  Collins ,  Francis S },
title = {The path to personalized medicine},
journaltitle = {New England Journal of Medicine},
shortjournal = {N. Engl. J. Med.},
volume = {363},
number = {4},
pages = {301--304},
year = {2010}
}

@article{Kern2012,
author = {Kern, Scott E},
journaltitle = {Cancer Research},
shortjournal = {Cancer Res.},
number = {23},
pages = {6097--6101},
title = {Why your new cancer biomarker may never work: recurrent patterns and remarkable diversity in biomarker failures},
volume = {72},
year = {2012}
}

@article{Bacchetti2011,
author = {Bacchetti, Peter and Deeks, Steven G and McCune, Joseph M},
journaltitle = {Science Translational Medicine},
shortjournal = {Sci. Transl. Med.},
number = {87},
pages = {87ps24},
title = {Breaking free of sample size dogma to perform innovative translational research},
volume = {3},
year = {2011}
}

@article{Gardeux2014,
author = {Gardeux, Vincent and Achour, Ikbel and Li, Jianrong and Maienschein-Cline, Mark and Li, Haiquan and Pesce, Lorenzo and Parinandi, Gurunadh and Bahroos, Neil and Winn, Robert and Foster, Ian and Garcia, Joe G N and Lussier, Yves A},
journaltitle = {Journal of the American Medical Informatics Association},
shortjournal = {J. Am. Med. Inform. Assoc.},
number = {6},
pages = {1015--1025},
title = {'N-of-1-pathways' unveils personal deregulated mechanisms from a single pair of RNA-Seq samples: towards precision medicine},
volume = {21},
year = {2014}
}

@article{Wang2009,
author = {Wang, Zhong and Gerstein, Mark and Snyder, Michael},
journaltitle = {Nature Reviews Genetics},
shortjournal = {Nat. Rev. Genet.},
number = {1},
pages = {57--63},
title = {RNA-Seq:~a revolutionary tool for transcriptomics},
volume = {10},
year = {2009}
}

@article{Huang2009,
  title={Bioinformatics enrichment tools:~paths toward the comprehensive functional analysis of large gene lists},
  author={Huang, Da Wei and Sherman, Brad T and Lempicki, Richard A},
  journaltitle={Nucleic Acids Research},
  shortjournal={Nucleic Acids Res.},
  volume={37},
  number={1},
  pages={1--13},
  year={2009},
  publisher={Oxford Univ Press}
}

@article{Schissler2015,
author = {Schissler, A Grant and Gardeux, Vincent and Li, Qike and Achour, Ikbel and Li, Haiquan and Piegorsch, Walter W and Lussier, Yves A},
journaltitle = {Bioinformatics},
shortjournal = {Bioinformatics},
number = {12},
pages = {i293--i302},
title = {Dynamic changes of RNA-sequencing expression for precision medicine: N-of-1-pathways Mahalanobis distance within pathways of single subjects predicts breast cancer survival},
volume = {31},
year = {2015}
}

@article{Schissler2016,
  title={Analysis of aggregated cell--cell statistical distances within pathways unveils therapeutic-resistance mechanisms in circulating tumor cells},
  author={Schissler, A Grant and Li, Qike and Chen, James L and Kenost, Colleen and Achour, Ikbel and Billheimer, D Dean and Li, Haiquan and Piegorsch, Walter W and Lussier, Yves A},
  journal={Bioinformatics},
  shortjournal = {Bioinformatics},
  volume={32},
  number={12},
  pages={i80--i89},
  year={2016},
  publisher={Oxford Univ Press}
}

@article{Schissler2017,
  title={Testing for differentially expressed genetic pathways with single-subject N-of-1 data in the presence of inter-gene correlation},
  author={Schissler, A Grant and Piegorsch, Walter W and Lussier, Yves A},
  journal={Under Review},
  shortjournal = {Under Review},
  year={2017}
}


@article{Tamayo2016,
author = {Tamayo, P and Steinhardt, G and Liberzon, A and Mesirov, J P},
journaltitle = {Statistical Methods in Medical Research},
shortjournal = {Stat. Methods in Med. Res.},
pages = {472--487},
title = {The limitations of simple gene set enrichment analysis assuming gene independence},
volume = {25},
number = {1},
year = {2016}
}

@article{Wu2012,
author = {Wu, Di and Smyth, Gordon K},
journaltitle = {Nucleic Acids Research},
shortjournal = {Nucleic Acids Res.},
number = {17},
pages = {e133},
title = {Camera: a competitive gene set test accounting for inter-gene correlation},
volume = {40},
year = {2012}
}

@article{Genest2007,
author = {Genest, Christian and Neslehova, Johanna},
journaltitle = {ASTIN Bulletin},
shortjournal = {ASTIN Bulletin},
number = {2},
pages = {475--515},
title = {A primer on copulas for count data},
volume = {37},
year = {2007}
}

@article{Yan2007,
author = {Yan, Jun},
journaltitle = {Journal Of Statistical Software},
shortjournal = {J. Stat. Softw.},
number = {4},
pages = {1--21},
title = {Enjoy the Joy of Copulas: With a Package copula},
volume = {21},
year = {2007}
}

@article{Williams2000,
author = {Williams, Rick L},
journaltitle = {Biometrics},
shortjournal = {Biometrics},
number = {2},
pages = {645--646},
title = {A Note on Robust Variance Estimation for Cluster-Correlated Data},
volume = {56},
year = {2000}
}

@article{Tang2009,
author = {Tang, Fuchou and Barbacioru, Catalin and Wang, Yangzhou and Nordman, Ellen and Lee, Clarence and Xu, Nanlan and Wang, Xiaohui and Bodeau, John and Tuch, Brian B and Siddiqui, Asim and Lao, Kaiqin and Surani, M Azim},
journaltitle = {Nature Methods},
shortjournal = {Nat. Methods},
number = {5},
pages = {377--382},
title = {mRNA-Seq whole-transcriptome analysis of a single cell},
volume = {6},
year = {2009}
}

@article{Patel2014,
  title = {Single-cell RNA-seq highlights intratumoral heterogeneity in primary glioblastoma},
  author = {Patel, Anoop P and Tirosh, Itay and Trombetta, John J and Shalek, Alex K and Gillespie, Shawn M and Wakimoto, Hiroaki and Cahill, Daniel P and Nahed, Brian V and Curry, William T and Martuza, Robert L and others},
  journaltitle = {Science},
  shortjournal = {Science},
  volume = {344},
  number = {6190},
  pages = {1396--1401},
  year = {2014},
  publisher = {American Association for the Advancement of Science}
}

@article{Court1963,
author = {Court, Arnold},
journaltitle = {Weather},
shortjournal = {Weather},
title = {Wind roses},
volume = {18},
pages = {106--114},
number = {4},
year = {1963}
}

@article{Subramanian2005,
author = {Subramanian, Aravind and Tamayo, Pablo and Mootha, Vamsi K and Mukherjee, Sayan and Ebert, Benjamin L and Gillette, Michael A and Paulovich, Amanda and Pomeroy, Scott L and Golub, Todd R and Lander, Eric S and Others},
journaltitle = {Proceedings of the National Academy of Sciences},
shortjournal = {Proc. Natl. Acad. Sci. USA},
number = {43},
pages = {15545--15550},
title = {Gene set enrichment analysis:~a knowledge-based approach for interpreting genome-wide expression profiles},
volume = {102},
year = {2005}
}

@article{Beibarth2004,
author = {Bei{\ss}barth, Tim and Speed, Terence P.},
journaltitle = {Bioinformatics},
shortjournal = {Bioinformatics},
number = {9},
pages = {1464--1465},
title = {GOstat:~Find statistically overrepresented Gene Ontologies with a group of genes},
volume = {20},
year = {2004}
}

@article{CaHa74,
title={A dendrite method for cluster analysis},
  author={Cali{\'n}ski, Tadeusz and Harabasz, Jerzy},
  journaltitle={Communications in Statistics-theory and Methods},
  shortjournal={Commun. Stat. Theory. Methods.},
  volume={3},
  number={1},
  pages={1--27},
  year={1974},
  publisher={Taylor \& Francis}
}

@book{Gree79,
author = {Green RH},
publisher = {John Wiley \& Sons},
location = {New York},
title = {Sampling Design and Statistical Methods for Environmental Biologists},
pages = {51},
edition = {1},
year = {1979}
}

@article{weinstein2013cancer,
  title={The cancer genome atlas pan-cancer analysis project},
  author={Weinstein, John N and Collisson, Eric A and Mills, Gordon B and Shaw, Kenna R Mills and Ozenberger, Brad A and Ellrott, Kyle and Shmulevich, Ilya and Sander, Chris and Stuart, Joshua M and Cancer Genome Atlas Research Network and others},
  journal={Nature genetics},
  volume={45},
  number={10},
  pages={1113},
  year={2013},
  publisher={Nature Publishing Group}
}